@article{Allesina2012,
  title =	 {Stability criteria for complex ecosystems},
  author =	 {Allesina, Stefano and Tang, Si},
  journal =	 {Nature},
  volume =	 483,
  number =	 7388,
  pages =	 {205--208},
  year =	 2012,
  publisher =	 {Nature Publishing Group}
}

@article{Althoff2012,
  Author =	 {Althoff, D. M. and Segraves, K. A. and Smith,
                  C. I. and Leebens-Mack, J. and Pellmyr, O.},
  Journal =	 {Molecular Phylogenetics and Evolution},
  Pages =	 {898--906},
  Title =	 {Geographic isolation trumps coevolution as a driver
                  of yucca and yucca moth diversification},
  Volume =	 2,
  Year =	 2012
}

@article{Bascompte2003,
  Author =	 {Bascompte, J. and Jordano, P. and Melian, C. J. and
                  Olesen, J. M.},
  Journal =	 {Proc. Natl Acad. Sci. USA},
  Pages =	 {9383--9387},
  Title =	 {The nested assembly of plant-animal mutualistic
                  networks},
  Volume =	 100,
  Year =	 2003
}

@article{Bascompte2006,
  Author =	 {Bascompte, J. and Jordano, P. and Olesen, J. M.},
  Journal =	 {Science},
  Pages =	 {431--433},
  Title =	 {Asymmetric coevolutionary networks facilitate
                  biodiversity maintenance},
  Volume =	 312,
  Year =	 2006
}

@article{Bascompte2007,
  Author =	 {Bascompte, Jordi and Jordano, Pedro},
  Journal =	 {Annu. Rev. Ecol. Evol. Syst.},
  Pages =	 {567--93},
  Title =	 {Plant-animal mutualistic networks: the architecture
                  of biodiversity},
  Volume =	 38,
  Year =	 2007
}

@article{Bascompte2009,
  Author =	 {Bascompte, J. and Stouffer, D. B.},
  Journal =	 {Philosophical Transactions of the Royal Society B:
                  Biological Sciences},
  Pages =	 1781,
  Title =	 {The assembly and disassembly of ecological networks},
  Volume =	 364,
  Year =	 2009
}

@article{Blomberg2001,
  Author =	 {Blomberg, S.P. and Ives, A.R. and Garland, T.},
  Journal =	 {Am. Zool.},
  Pages =	 1395,
  Title =	 {Detecting phylogenetic signal in comparative data},
  Volume =	 41,
  Year =	 2001
}

@article{Blomberg2003,
  Author =	 {Blomberg, S. P. and Garland, T. and Ives, A. R.},
  Journal =	 {Evol. Int. J. Org. Evol.},
  Pages =	 {717--745},
  Title =	 {Testing for phylogenetic signal in comparative data:
                  Behavioral traits are more labile},
  Volume =	 57,
  Year =	 2003
}

@article{Bluthgen2007,
  Author =	 {Bl{\"u}thgen, Nico and Menzel, Florian and
                  Hovestadt, Thomas and Fiala, Brigitte and
                  Bl{\"u}thgen, Nils},
  Journal =	 {Current Biology},
  Pages =	 {341--346},
  Title =	 {Specialization, constraints, and conflicting
                  interests in mutualistic networks},
  Volume =	 17,
  Number =	 4,
  Year =	 2007
}

@article{Bronstein2006,
  Author =	 {Bronstein, J. L. and Alarcon, R. and Geber, M.},
  Journal =	 {New Phytol.},
  Pages =	 {412--428},
  Title =	 {The evolution of plant-insect mutualisms},
  Volume =	 172,
  Year =	 2006
}

@article{Burgos2007,
  Author =	 {Burgos, Enrique and Ceva, Horacio and Perazzo,
                  Roberto P.J. and Devoto, Mariano and Medan, Diego
                  and Zimmermann, Mart{\'i}n and Delbue, Ana
                  Mar{\'i}a},
  Journal =	 {Journal of Theoretical Biology},
  Pages =	 {307--313},
  Title =	 {Why nestedness in mutualistic networks?},
  Volume =	 249,
  Number =	 2,
  Year =	 2007
}

@article{Clauset2004,
  title =	 {Finding community structure in very large networks},
  author =	 {Clauset, Aaron and Newman, Mark EJ and Moore,
                  Cristopher},
  journal =	 {Physical review E},
  volume =	 70,
  number =	 6,
  pages =	 066111,
  year =	 2004,
  publisher =	 {APS}
}

@article{Cote2000,
  Author =	 {Cote, I.M.},
  Journal =	 {Oceanogr Mar. Biol.},
  Pages =	 {311--355},
  Title =	 {Evolution and ecology of cleaning symbioses in the
                  sea},
  Volume =	 38,
  Year =	 2000
}

@inbook{Cruaud2011,
  Author =	 {Cruaud, A. and Cook, J. and Da-Rong, Y. and Genson,
                  G. and Jabbour-Zahab, R. and Kjellberg, F. and
                  Pereira, R.A.S. and R{\o}nsted, N. and
                  Santos-Mattos, O. and Savolainen, V. and Ubaidillah,
                  R. and van Noort, S. and Yan-Qiong, P and Rasplus,
                  J},
  Chapter =	 {Fig-gif wasp mutualism: the fall of the strict
                  cospeciation paradigm?},
  Publisher =	 {Cambridge University Press},
  Title =	 {Evolution of Plant-Pollinator Relationships},
  Year =	 2011
}

@article {Danieli2012,
  author =	 {Danieli-Silva, Aline and de Souza, Jana Magaly
                  Tesserolli and Donatti, Ana Julia and Campos,
                  Ricardo Pamplona and Vicente-Silva, Jos√© and
                  Freitas, Leandro and Varassin, Isabela Galarda},
  title =	 {Do pollination syndromes cause modularity and
                  predict interactions in a pollination network in
                  tropical high-altitude grasslands?},
  journal =	 {Oikos},
  volume =	 121,
  number =	 1,
  pages =	 {35--43},
  year =	 2012
}

@article{Donatti2011,
  title =	 {Analysis of a hyper-diverse seed dispersal network:
                  modularity and underlying mechanisms},
  author =	 {Donatti, Camila I and Guimar{\~a}es, Paulo R and
                  Galetti, Mauro and Pizo, Marco Aur{\'e}lio and
                  Marquitti, Flavia and Dirzo, Rodolfo},
  journal =	 {Ecol. Lett.},
  volume =	 14,
  number =	 8,
  pages =	 {773--781},
  year =	 2011,
  publisher =	 {Wiley Online Library}
}

@article{Dunne2002,
  Author =	 {Dunne, J and Williams, R and Martinez N},
  Journal =	 {Ecol. Lett.},
  Pages =	 558,
  Title =	 {Network structure and biodiversity loss in food
                  webs: robustness increases with connectance},
  Volume =	 5,
  Year =	 2002
}

@article {Duopont2009,
  author =	 {Dupont, Yoko L. and Olesen, Jens M.},
  title =	 {Ecological modules and roles of species in heathland
                  plant-insect flower visitor networks},
  journal =	 {Journal of Animal Ecology},
  volume =	 78,
  number =	 2,
  pages =	 {346--353},
  year =	 2009
}

@article{Ehrlich1964,
  Author =	 {Ehrlich, P. R. and Raven, P. H.},
  Journal =	 {Evolution},
  Pages =	 {586-608},
  Title =	 {Butterflies and plants: a study in coevolution},
  Volume =	 18,
  Year =	 1964
}

@article{Farenholz1913,
  Author =	 {Farenholz, H.},
  Journal =	 {Zoologische Anzeiger},
  Pages =	 {371--374},
  Title =	 {Ectoparasiten und Abstammungslehre},
  Volume =	 41,
  Year =	 1913
}

@article{Fortuna2006,
  author =	 {Fortuna, Miguel A and Bascompte, Jordi},
  journal =	 {Ecol. Lett.},
  pages =	 {281--286},
  title =	 {Habitat loss and the structure of plant--animal
                  mutualistic networks},
  volume =	 9,
  number =	 3,
  year =	 2006
}

@article{Fortunato2010,
  title =	 {Community detection in graphs},
  author =	 {Fortunato, Santo},
  journal =	 {Physics Reports},
  volume =	 486,
  number =	 3,
  pages =	 {75--174},
  year =	 2010,
}

@article {Gibson2011,
  author =	 {Gibson, Rachel H. and Knott, Ben and Eberlein, Tim
                  and Memmott, Jane},
  title =	 {Sampling method influences the structure of
                  plant-pollinator networks},
  journal =	 {Oikos},
  volume =	 120,
  number =	 6,
  pages =	 {822--831},
  year =	 2011
}

@article{Gillespie1996,
  title =	 {Exact numerical simulation of the
                  {Ornstein-Uhlenbeck} process and its integral},
  author =	 {Gillespie, Daniel T},
  journal =	 {Physical review E},
  volume =	 54,
  number =	 2,
  pages =	 {2084--2091},
  year =	 1996
}

@article{Guimaraes2007,
  Author =	 {Guimar{\~a}es Jr, PR and Rico-Gray, V and Oliveira,
                  PS and Izzo, TJ and dos Reis, SF and Thompson, JN},
  Journal =	 {Current biology: CB},
  Number =	 20,
  Pages =	 {1797--1803},
  Title =	 {Interaction intimacy affects structure and
                  coevolutionary dynamics in mutualistic networks},
  Volume =	 17,
  Year =	 2007
}

@article{Guimaraes2011,
  Author =	 {Guimar{\~a}es Jr, P. R. and Jordano, P. and
                  Thompson, J. N.},
  Journal =	 {Ecol. Lett.},
  Number =	 9,
  Pages =	 {877-885},
  Title =	 {Evolution and coevolution in mutualistic networks},
  Volume =	 14,
  Year =	 2011
}

@article {Higgins2006,
  author =	 {L. Higgins, Christopher and R. Willig, Michael and
                  E. Strauss, Richard},
  title =	 {The role of stochastic processes in producing nested
                  patterns of species distributions},
  journal =	 {Oikos},
  volume =	 114,
  number =	 1,
  pages =	 {159--167},
  year =	 2006
}

@article{Hoberg2008,
  title =	 {A macroevolutionary mosaic: episodic host-switching,
                  geographical colonization and diversification in
                  complex host--parasite systems},
  author =	 {Hoberg, Eric P and Brooks, Daniel R},
  journal =	 {Journal of Biogeography},
  volume =	 35,
  number =	 9,
  pages =	 {1533--1550},
  year =	 2008,
  publisher =	 {Wiley Online Library}
}

@article{Ives2006,
  Author =	 {Ives, A. R. and Godfray, C. J.},
  Journal =	 {Am. Nat.},
  M3 =		 {10.1086/505157},
  Pages =	 {E1--E14},
  Title =	 {Phylogenetic analysis of trophic associations},
  Volume =	 168,
  Year =	 2006
}

@article{Jordano1995,
  Author =	 {Jordano, P.},
  Journal =	 {American Naturalist},
  Pages =	 {163-191},
  Title =	 {Angiosperm fleshy fruits and seed dispersers: a
                  comparative analysis of adaptation and constraints
                  in plant-animal interactions},
  Volume =	 145,
  Year =	 1995
}

@article{Jordano2003,
  Author =	 {Jordano, P. and Bascompte, J. and Olesen, J. M.},
  Journal =	 {Ecol. Lett.},
  Pages =	 {69--81},
  Title =	 {Invariant properties in coevolutionary networks of
                  plant-animal interactions},
  Volume =	 6,
  Year =	 2003
}

@article{Kearns1998,
  Author =	 {Kearns, C. A. and Inouye, D. W. and Waser, N. M.},
  Journal =	 {Annual Review of Ecology and Systematics},
  Pages =	 83,
  Title =	 {Endangered Mutualisms: The Conservation of
                  Plant-Pollinator Interactions},
  Volume =	 29,
  Year =	 1998
}

@article {Kembel2009,
  author =	 {Kembel, Steven W.},
  title =	 {Disentangling niche and neutral influences on
                  community assembly: assessing the performance of
                  community phylogenetic structure tests},
  journal =	 {Ecol. Lett.},
  volume =	 12,
  number =	 9,
  pages =	 {949--960},
  year =	 2009,
}

@article{Klassen1992,
  title =	 {Coevolution: A History of the Macroevolutionary
                  Approach to Studying Host-Parasite Associations},
  author =	 {Klassen, Greg J.},
  journal =	 {The Journal of Parasitology},
  volume =	 78,
  number =	 4,
  pages =	 {573--587},
  year =	 1992,
  publisher =	 {The American Society of Parasitologists}
}

@article{Krasnov2012,
  author =	 {Krasnov, Boris R and Fortuna, Miguel A and Mouillot,
                  David and Khokhlova, Irina S and Shenbrot, Georgy I
                  and Poulin, Robert},
  journal =	 {The American Naturalist},
  pages =	 {501--511},
  title =	 {Phylogenetic signal in module composition and
                  species connectivity in compartmentalized
                  host-parasite networks},
  volume =	 179,
  number =	 4,
  year =	 2012
}

@article{Krasnov2013,
  author =	 {Krasnov, Boris R and Pilosof, Shai and Stanko,
                  Michal and Morand, Serge and Korallo-Vinarskaya,
                  Natalia P and Vinarski, Maxim V and Poulin, Robert},
  journal =	 {Oikos},
  title =	 {Co-occurrence and phylogenetic distance in
                  communities of mammalian ectoparasites: limiting
                  similarity versus environmental filtering},
  volume =	 123,
  number =	 1,
  pages =	 {63--70},
  year =	 2014
}

@article{Krause2003,
  author =	 {Krause, Ann E and Frank, Kenneth A and Mason, Doran
                  M and Ulanowicz, Robert E and Taylor, William W},
  journal =	 {Nature},
  title =	 {Compartments revealed in food-web structure},
  volume =	 426,
  number =	 6964,
  pages =	 {282--285},
  year =	 2003
}

@article{Krishna2008,
  title =	 {A neutral-niche theory of nestedness in mutualistic
                  networks},
  author =	 {Krishna, Abhay and Guimaraes Jr, Paulo R and
                  Jordano, Pedro and Bascompte, Jordi},
  journal =	 {Oikos},
  volume =	 117,
  number =	 11,
  pages =	 {1609--1618},
  year =	 2008
}

@article {Lever2014,
  author =	 {Lever, J. Jelle and van Nes, Egbert H. and Scheffer,
                  Marten and Bascompte, Jordi},
  title =	 {The sudden collapse of pollinator communities},
  journal =	 {Ecol. Lett.},
  volume =	 17,
  number =	 3,
  pages =	 {350--359},
  year =	 2014,
}

@article{Loeuille2010,
  title =	 {Influence of evolution on the stability of
                  ecological communities},
  author =	 {Loeuille, Nicolas},
  journal =	 {Ecol. Lett.},
  volume =	 13,
  number =	 12,
  pages =	 {1536--1545},
  year =	 2010,
  publisher =	 {Wiley Online Library}
}

@article{Losos2008,
  Author =	 {Losos, J.B.},
  Journal =	 {Ecol. Lett.},
  Pages =	 {995--1007},
  Title =	 {Phylogenetic niche conservatism, phylogenetic signal
                  and the relationship between phylogenetic
                  relatedness and ecological similarity among species},
  Volume =	 11,
  Year =	 2008
}

@article{Machado2005,
  Author =	 {Machado, Carlos A. and Robbins, Nancy and Gilbert,
                  M. Thomas P. and Herre, Edward Allen},
  Journal =	 {Proc. Natl Acad. Sci. USA},
  Pages =	 {6558-6565},
  Title =	 {Critical review of host specificity and its
                  coevolutionary implications in the fig/fig-wasp
                  mutualism},
  Volume =	 102,
  Year =	 2005
}

@article{May1972,
  author =	 {May, Robert M},
  journal =	 {Nature},
  title =	 {Will a large complex system be stable?},
  volume =	 238,
  pages =	 {413--414},
  year =	 1972
}

@article {McGill2007,
  author =	 {McGill, Brian J. and Etienne, Rampal S. and Gray,
                  John S. and Alonso, David and Anderson, Marti J. and
                  Benecha, Habtamu Kassa and Dornelas, Maria and
                  Enquist, Brian J. and Green, Jessica L. and He,
                  Fangliang and Hurlbert, Allen H. and Magurran, Anne
                  E. and Marquet, Pablo A. and Maurer, Brian A. and
                  Ostling, Annette and Soykan, Candan U. and Ugland,
                  Karl I. and White, Ethan P.},
  title =	 {Species abundance distributions: moving beyond
                  single prediction theories to integration within an
                  ecological framework},
  journal =	 {Ecol. Lett.},
  volume =	 10,
  number =	 10,
  pages =	 {995--1015},
  year =	 2007
}

@article{Memmott2004,
  Author =	 {Memmott, J. and Waser, N. M. and Price, M. V.},
  Journal =	 {Proc. R. Soc. Lond. B},
  Pages =	 {2605--2611},
  Title =	 {Tolerance of pollination networks to species
                  extinctions},
  Volume =	 271,
  Year =	 2004
}

@article{Menz2010,
  Author =	 {Menz, MHM and Phillips, RD and Winfree, R and
                  Kremen, C and Aizen, MA and Johnson, SD and Dixon,
                  KW},
  Journal =	 {Trends in plant science},
  Pages =	 {4-12},
  Title =	 {Reconnecting plants and pollinators: challenges in
                  the restoration of pollination mutualisms},
  Volume =	 16,
  Year =	 2010
}

@article{Mooers2012,
  title =	 {Branch lengths on birth--death trees and the
                  expected loss of phylogenetic diversity},
  author =	 {Mooers, Arne and Gascuel, Olivier and Stadler, Tanja
                  and Li, Heyang and Steel, Mike},
  journal =	 {Systematic biology},
  volume =	 61,
  number =	 2,
  pages =	 {195--203},
  year =	 2012
}

@article{Newman2004,
  Author =	 {Newman, M and Girvan, M},
  Journal =	 {Physical Review E},
  Pages =	 026113,
  Title =	 {Finding and evaluating community structure in
                  networks},
  Volume =	 69,
  Year =	 2004
}

@article{Nielsen2007,
  title =	 {Ecological networks, nestedness and sampling effort},
  author =	 {Nielsen, Anders and Bascompte, Jordi},
  journal =	 {Journal of Ecology},
  volume =	 95,
  number =	 5,
  pages =	 {1134--1141},
  year =	 2007,
  publisher =	 {Wiley Online Library}
}

@article{Nuismer2013,
  Author =	 {Nuismer, Scott L. and Jordano, Pedro and Bascompte,
                  Jordi},
  Journal =	 {Evolution},
  Number =	 2,
  Pages =	 {338-354},
  Title =	 {Coevolution and the architecture of mutualistic
                  networks},
  Volume =	 67,
  Year =	 2013
}

@article{Olesen2007,
  Author =	 {Olesen, J. and Bascompte, J. and Dupont, Y. and
                  Jordano, P.},
  Journal =	 {Proc. Natl Acad. Sci. USA},
  Pages =	 {19891--19896},
  Title =	 {The modularity of pollination networks.},
  Volume =	 104,
  Year =	 2007
}

@article{Olesen2008,
  Author =	 {Olesen, J and Bascompte, J and Elberling, H and
                  Jordano, P},
  Journal =	 {Ecology},
  Pages =	 1573,
  Title =	 {Temporal dynamics in a pollination network},
  Volume =	 89,
  Year =	 2008
}

@article{Olesen2011,
  Author =	 {Olesen, J. M. and Stefanescu, C. and Traveset, A.},
  Journal =	 {Plos One},
  Title =	 {Strong Long-Term Temporal Dynamics of an Ecological
                  Network},
  Volume =	 6,
  Year =	 2011
}

@article{Page1991,
  Author =	 {Page, R. D. M.},
  Journal =	 {Systematic Zoology},
  Pages =	 {188--198},
  Title =	 {Clocks, clades, and cospeciation: comparing rates of
                  evolution and timing of cospeciation events in
                  host-parasite assemblages},
  Volume =	 40,
  Year =	 1991
}

@book{Paradis2012,
  title =	 {Analysis of Phylogenetics and Evolution with R},
  author =	 {Paradis, Emmanuel},
  year =	 2012,
  publisher =	 {Springer}
}

@article{Petanidou2008,
  Author =	 {Petanidou, T. and Kallimanis, S.A. and Tzanopoulos,
                  J. and Sgardelis, S.P. and Pantis, J.D.},
  Journal =	 {Ecol. Lett.},
  Pages =	 564,
  Title =	 {Long-term observation of a pollination network:
                  fluctuation in species and interactions, relative
                  invariance of network structure and implications for
                  estimates of specialization},
  Volume =	 11,
  Year =	 2008
}

@article{Pimm1979,
  title =	 {The structure of food webs},
  author =	 {Pimm, Stuart L},
  journal =	 {Theoretical Population Biology},
  volume =	 16,
  number =	 2,
  pages =	 {144--158},
  year =	 1979
}

@article{Pimm1980,
  title =	 {Are food webs divided into compartments?},
  author =	 {Pimm, Stuart L and Lawton, John H},
  journal =	 {The Journal of Animal Ecology},
  volume =	 49,
  pages =	 {879--898},
  year =	 1980
}

@article{Pocock2012,
  Author =	 {Pocock, M. J. O. and Evans, D. M. and Memmott, J.},
  Journal =	 {Science},
  Pages =	 973,
  Title =	 {The Robustness and Restoration of a Network of
                  Ecological Networks},
  Volume =	 335,
  Year =	 2012
}

@incollection{Pons2005,
  title =	 {Computing communities in large networks using random
                  walks},
  author =	 {Pons, Pascal and Latapy, Matthieu},
  booktitle =	 {Computer and Information Sciences-ISCIS 2005},
  pages =	 {284--293},
  year =	 2005,
  publisher =	 {Springer}
}

@article{Preston1948,
  author =	 {Preston, F. W.},
  title =	 {The commonness, and rarity, of species},
  journal =	 {Ecology},
  year =	 1948,
  volumne =	 29,
  pages =	 {254--283}
}

@article{Proulx2005,
  Author =	 {S. R. Proulx and D. E. L. Promislow and
                  P. C. Phillips},
  Journal =	 {Trends in ecology and evolution},
  Pages =	 345,
  Title =	 {Network thinking in ecology and evolution},
  Volume =	 20,
  Year =	 2005
}

@article{Ramirez2011,
  Author =	 {Ram\'irez, Santiago R. and Eltz, Thomas and
                  Fujiwara, Mikiko K. and Gerlach, G{\"u}nter and
                  Goldman-Huertas, Benjamin and Tsutsui, Neil D. and
                  Pierce, Naomi E.},
  Journal =	 {Science},
  Number =	 6050,
  Pages =	 {1742-1746},
  Title =	 {Asynchronous Diversification in a Specialized
                  Plant-Pollinator Mutualism},
  Volume =	 333,
  Year =	 2011
}

@article{Revell2008,
  Author =	 {Revell, L.J. and Harmon, L.J. and Collar, D.C.},
  Journal =	 {Systematic Biology},
  Pages =	 {591-- 601},
  Title =	 {Phylogenetic signal, evolutionary process, and rate},
  Volume =	 57,
  Year =	 2008
}

@article{Rezende2007,
  title =	 {Non-random coextinctions in phylogenetically
                  structured mutualistic networks},
  author =	 {Rezende, Enrico L and Lavabre, Jessica E and
                  Guimar{\~a}es, Paulo R and Jordano, Pedro and
                  Bascompte, Jordi},
  journal =	 {Nature},
  volume =	 448,
  number =	 7156,
  pages =	 {925--928},
  year =	 2007,
  publisher =	 {Nature Publishing Group}
}

@article{Ricketts2008,
  Author =	 {Ricketts, TH and Regetz, J and Steffan-Dewenter, I
                  and Cunningham, SA and Kremen, C and Bogdanski, A
                  and Gemmill-Herren, B and Greenleaf, SS and Klein,
                  AM and Mayfield, MM and Morandin, LA and Ochieng, A
                  and Potts, SG anf Viana, BF},
  Journal =	 {Ecol. Lett.},
  Pages =	 {499-515},
  Title =	 {Landscape effects on crop pollination services: are
                  there general patterns?},
  Volume =	 11,
  Year =	 2008
}

@article{Rivera2012,
  title =	 {Effects of sampling completeness on the structure of
                  plant-pollinator networks},
  author =	 {Rivera-Hutinel, A and Bustamante, RO and Mar{\'\i}n,
                  VH and Medel, R},
  journal =	 {Ecology},
  volume =	 93,
  number =	 7,
  pages =	 {1593--1603},
  year =	 2012,
  publisher =	 {Eco Soc America}
}

@article{Santamaria2007,
  Author =	 {Santamar{\'\i}a, Luis AND
                  Rodr{\'\i}guez-Giron{\'e}s, Miguel A},
  Journal =	 {PLoS Biol},
  Pages =	 {e31},
  Publisher =	 {Public Library of Science},
  Title =	 {Linkage Rules for Plant--Pollinator Networks: Trait
                  Complementarity or Exploitation Barriers?},
  Volume =	 5,
  Year =	 2007
}

@article{Sargent2008,
  Author =	 {R. D. Sargent and D. D. Ackerly},
  Journal =	 {Trends in Ecology and Evolution},
  Pages =	 123,
  Title =	 {Plant-pollinator interactions and the assembly of
                  plant communities},
  Volume =	 23,
  Year =	 2008
}

@article{Smith2008,
  Author =	 {Smith, C.I. and Pellmyr, O. and Althoff, D.M. and
                  Balc{\'a}zar-Lara, M. and Leebens-Mack, J. AND
                  Segraves, K.A.},
  Journal =	 {Proc. Roy. Soc. Lond. B Biol.},
  Pages =	 {249--258},
  Title =	 {Pattern and timing of diversification in Yucca
                  (Agavaceae): specialized pollination does not
                  escalate rates of diversification},
  Volume =	 275,
  Year =	 2008
}

@article{Stang2007,
  title =	 {Asymmetric specialization and extinction risk in
                  plant--flower visitor webs: a matter of morphology
                  or abundance?},
  author =	 {Stang, Martina and Klinkhamer, Peter GL and Van der
                  Meijden, Eddy},
  journal =	 {Oecologia},
  volume =	 151,
  number =	 3,
  pages =	 {442--453},
  year =	 2007,
}

@article{Stang2009,
  Author =	 {Stang, M and Klinkhamer, PGL and Waser, NM and
                  Stang, I and van der, Meijden E},
  Journal =	 {Annals of Botany},
  Number =	 {1459--1469},
  Title =	 {Size-specific interaction patterns and size matching
                  in a plant-pollinator interaction web},
  Volume =	 103,
  Year =	 2009
}

@article{Thebault2010,
  title =	 {Stability of ecological communities and the
                  architecture of mutualistic and trophic networks},
  author =	 {Th{\'e}bault, Elisa and Fontaine, Colin},
  journal =	 {Science},
  volume =	 329,
  number =	 5993,
  pages =	 {853--856},
  year =	 2010,
  publisher =	 {American Association for the Advancement of Science}
}

@book{Thompson2005,
  Author =	 {Thompson, J},
  Publisher =	 {University of Chicago Press, Chicago},
  Title =	 {The geographic mosaic of coevolution},
  Year =	 2005
}

@article{Thompson2006,
  Author =	 {Thompson, J. N.},
  Journal =	 {Science},
  Pages =	 {372--373},
  Title =	 {Mutualistic webs of species},
  Volume =	 312,
  Year =	 2006
}

@manual{TreeSim,
  Author =	 {Tanja Stadler},
  Note =	 {R package version 1.7},
  Title =	 {TreeSim: Simulating trees under the birth-death
                  model},
  Url =		 {http://CRAN.R-project.org/package=TreeSim},
  Year =	 2012
}

@article{Ulrich2009,
  title =	 {A consumer's guide to nestedness analysis},
  author =	 {Ulrich, Werner and Almeida-Neto, M{\'a}rio and
                  Gotelli, Nicholas J},
  journal =	 {Oikos},
  volume =	 118,
  number =	 1,
  pages =	 {3--17},
  year =	 2009,
  publisher =	 {Wiley Online Library}
}

@article{Vazquez2004,
  Author =	 {V{\'a}zquez, D. and Aizen, M.},
  Journal =	 {Ecology},
  Pages =	 1251,
  Title =	 {Asymmetric specialization: a pervasive feature of
                  plant-pollinator interactions},
  Volume =	 85,
  Year =	 2004
}

@article {Vazquez2005,
  author =	 {V{\'a}zquez, D.P. and Poulin, R. and Krasnov,
                  B.R. and Shenbrot, G.I.},
  title =	 {Species abundance and the distribution of
                  specialization in host-parasite interaction
                  networks},
  journal =	 {Journal of Animal Ecology},
  volume =	 74,
  number =	 5,
  pages =	 {946--955},
  year =	 2005,
}

@article {Vazquez2005b,
  author =	 {V\'azquez, Diego P.},
  title =	 {Degree distribution in plant-animal mutualistic
                  networks: forbidden links or random interactions?},
  journal =	 {Oikos},
  volume =	 108,
  number =	 2,
  publisher =	 {Munksgaard International Publishers},
  issn =	 {1600-0706},
  pages =	 {421--426},
  year =	 2005,
}

@article{Vazquez2009,
  Author =	 {V\'azquez, D. P. and Bl{\"u}thgen, N. and Cagnolo,
                  L. and Chacoff, N. P.},
  Journal =	 {Annals of Botany},
  Number =	 9,
  Pages =	 {1445-1457},
  Title =	 {Uniting pattern and process in plant-animal
                  mutualistic networks: a review},
  Volume =	 103,
  Year =	 2009
}

@article{Waser1996,
  Author =	 {N. M. Waser and L. Chittka and M. V. Price and
                  N. M. Williams and J. Ollerton},
  Journal =	 {Ecology},
  Pages =	 1043,
  Title =	 {Generalization in Pollination Systems, and Why it
                  Matters},
  Volume =	 77,
  Year =	 1996
}

@article{ape,
  Author =	 {Paradis, E. and Claude, J. and Strimmer, K.},
  Journal =	 {Bioinformatics},
  Pages =	 {289-290},
  Title =	 {APE: analyses of phylogenetics and evolution in {R}
                  language},
  Volume =	 20,
  Year =	 2004
}

@article{arlequin,
  author =	 {Excoffier, Laurent and Lischer, Heidi EL},
  title =	 {Arlequin suite ver 3.5: a new series of programs to
                  perform population genetics analyses under Linux and
                  Windows},
  journal =	 {Molecular ecology resources},
  volume =	 10,
  number =	 3,
  pages =	 {564-567},
  year =	 2010
}

@article{berlow2009,
  title =	 {Simple prediction of interaction strengths in
                  complex food webs},
  author =	 {Berlow, Eric L and Dunne, Jennifer A and Martinez,
                  Neo D and Stark, Philip B and Williams, Richard J
                  and Brose, Ulrich},
  journal =	 {Proceedings of the National Academy of Sciences},
  volume =	 106,
  number =	 1,
  pages =	 {187--191},
  year =	 2009,
  publisher =	 {National Acad Sciences}
}

@article{bipartite,
  Author =	 {Dormann, C. and Gruber, B. and Fr{\"u}nd, J.},
  Journal =	 {R News},
  Pages =	 8,
  Title =	 {Introducing the bipartite package: analysing
                  ecological networks},
  Volume =	 8,
  Year =	 2008
}

@article{bokma2009,
  author =	 {Bokma, F.},
  title =	 {Problems detecting density-dependent diversification
                  on phylogenies.},
  journal =	 {Proceedings of the Royal Society B},
  volume =	 276,
  pages =	 {993-994},
  year =	 2009
}

@article{borer2014,
  title =	 {Herbivores and nutrients control grassland plant
                  diversity via light limitation},
  author =	 {Borer, Elizabeth T and Seabloom, Eric W and Gruner,
                  Daniel S and Harpole, W Stanley and Hillebrand,
                  Helmut and Lind, Eric M and Adler, Peter B and
                  Alberti, Juan and Anderson, T Michael and Bakker,
                  Jonathan D and others},
  journal =	 {Nature},
  year =	 2014,
  publisher =	 {Nature Publishing Group}
}

@article{brose2006,
  title =	 {Allometric scaling enhances stability in complex
                  food webs},
  author =	 {Brose, Ulrich and Williams, Richard J and Martinez,
                  Neo D},
  journal =	 {Ecology Letters},
  volume =	 9,
  number =	 11,
  pages =	 {1228--1236},
  year =	 2006,
  publisher =	 {Wiley Online Library}
}

@book{brown1995,
  Author =	 {Brown, James H},
  Date-Added =	 {2013-04-26 05:32:45 +0000},
  Date-Modified ={2013-04-26 05:32:53 +0000},
  Publisher =	 {University of Chicago Press},
  Title =	 {Macroecology},
  Year =	 1995
}

@article{erlichRaven,
  author =	 {Ehrlich, P.R. and Raven, P.H.},
  title =	 {Butterflies and plants: A study in coevolution.},
  journal =	 {Evolution},
  volume =	 18,
  pages =	 {586-608},
  year =	 1964
}

@article{gillespie2004,
  title =	 {Community assembly through adaptive radiation in
                  Hawaiian spiders},
  author =	 {Gillespie, R.},
  journal =	 {Science},
  volume =	 303,
  number =	 5656,
  pages =	 {356--359},
  year =	 2004,
  publisher =	 {American Association for the Advancement of Science}
}

@inbook{gillespie2009,
  author =	 {Gillespie, R.G.},
  title =	 {Adaptive Radiation},
  booktitle =	 {Guide to Ecology},
  editor =	 {Levin, S. and Carpenter, S. and Godfray, C. and
                  Kinzig, A. and Loreau, M. and Losos, J.B. and
                  Walker, B. and Wilcove, D.},
  publisher =	 {Princeton University Press},
  address =	 {Princeton, NJ},
  pages =	 {143-152},
  year =	 2009
}

@article{gillespie2014,
  author =	 {Gillespie, RG and Roderick, GK},
  title =	 {Geology and climate drive diversification},
  journal =	 {Nature},
  volume =	 509,
  pages =	 {207-298},
  year =	 2014
}

@article{gillespieBaldwin,
  title =	 {Island biogeography of remote archipelagoes},
  author =	 {Gillespie, R. G. and Baldwin, B. G.},
  journal =	 {The theory of island biogeography revisited},
  pages =	 {358--387},
  year =	 2010
}

@article{glor2010,
  author =	 {Glor, R.E.},
  title =	 {Phylogenetic Insights on Adaptive Radiation},
  journal =	 {Annu. Rev. Ecol. Evol. Syst.},
  volume =	 41,
  pages =	 {251‚Äì70},
  year =	 2010
}

@article{goodman2012,
  author =	 {Goodman, K.R. and Welter, S.C. and Roderick, G.K.},
  title =	 {Genetic divergence is decoupled from ecological
                  diversification in the Hawaiian Nesosydne
                  planthoppers},
  journal =	 {Evolution},
  volume =	 66,
  pages =	 {2798‚Äì2814},
  year =	 2012
}

@book{grant2007,
  author =	 {Grant, P.R. and Grant, B.R.},
  title =	 {How and Why Species Multiply: The Radiation of
                  Darwin's Finches.},
  publisher =	 {Princeton University Press.},
  address =	 {Princeton, NJ},
  year =	 2007
}

@article{harmon2008,
  author =	 {Harmon, L.J. and Melville, J. and Larson, A. and
                  Losos, J.B.},
  title =	 {The role of geography and ecological opportunity in
                  the diversification of day geckos (Phelsuma).},
  journal =	 {Systematic Biology},
  volume =	 57,
  pages =	 {562-573},
  year =	 2008
}

@book{harte2011,
  title =	 {The Maximum Entropy Theory of Ecology},
  author =	 {Harte, J.},
  year =	 2011,
  publisher =	 {Oxford University Press}
}

@article{hormiga2003,
  author =	 {Hormiga, G. and Arnedo, M. and Gillespie, R. G.},
  title =	 {Speciation on a conveyor belt: Sequential
                  colonization of the Hawaiian islands by Orsonwelles
                  spiders (Araneae, Linyphiidae)},
  journal =	 {Systematic Biology},
  volume =	 52,
  number =	 1,
  pages =	 {70-88},
  note =	 {635LH SYST BIOL},
  year =	 2003
}

@book{hubbell2001,
  title =	 {The unified neutral theory of biodiversity and
                  biogeography (MPB-32)},
  author =	 {Hubbell, S. P.},
  volume =	 32,
  year =	 2001,
  publisher =	 {Princeton University Press}
}

@article{igraph,
  Author =	 {Gabor Csardi and Tamas Nepusz},
  Journal =	 {InterJournal},
  Pages =	 1695,
  Title =	 {The igraph software package for complex network
                  research},
  Url =		 {http://igraph.sf.net},
  Volume =	 {Complex Systems},
  Year =	 2006
}

@article{kolbe2004,
  author =	 {Kolbe, J.J. and Glor, R.E. and Schettino, L.R. and
                  Lara, A.C. and Larson, A. and Losos, J.B.},
  title =	 {Genetic variation increases during biological
                  invasion by a Cuban lizard},
  journal =	 {Nature},
  volume =	 431,
  pages =	 {177-181},
  year =	 2004
}

@article{losos2003nature,
  title =	 {Niche lability in the evolution of a Caribbean
                  lizard community},
  author =	 {Losos, J. B. and Leal, M. and Glor, R. E. and de
                  Queiroz, K. and Hertz, P. E. and Schettino,
                  L. R. and Lara, A. C. and Jackman, T. R. and Larson,
                  A.},
  journal =	 {Nature},
  volume =	 424,
  number =	 6948,
  pages =	 {542--545},
  year =	 2003,
  publisher =	 {Nature Publishing Group}
}

@book{losos2009,
  author =	 {Losos, J.B.},
  title =	 {Lizards in en evolutionary tree: Ecology and
                  adaptive radiaiton of anoles},
  publisher =	 {University of California Press},
  address =	 {Berkeley, CA},
  year =	 2009
}

@book{macWilson,
  title =	 {The theory of island biogeography},
  author =	 {MacArthur, R. H. and Wilson, E. O.},
  year =	 1967,
  publisher =	 {Princeton University Press}
}

@article{miller1997,
  author =	 {Miller, M.P.},
  title =	 {Tools for Population Genetic Analysis (TFPGA), 1.3:
                  a Windows program for the analysis of allozyme and
                  molecular population genetic data. Distributed by
                  the author:
                  http://www.marksgeneticsoftware.net/tfpga.htm.},
  year =	 1997
}

@article{nodf,
  Author =	 {Almeida-Neto, M. and Gumar\~{a}es, P. and
                  Gumar{\~a}es, P.R. and Loyola, R.D. and Ulrich, W.},
  Journal =	 {Oikos},
  Pages =	 {1227-1239},
  Title =	 {A consistent metric for nestedness analysis in
                  ecological systems: reconciling concept and
                  measurement.},
  Volume =	 117,
  Year =	 2008
}

@article{nosil2006,
  author =	 {Nosil, P. and Crespi, B.J.},
  title =	 {Experimental evidence that predation promotes
                  divergence in adaptive radiation. },
  journal =	 {Proceedings of the National Academy of Sciences of
                  the USA},
  volume =	 103,
  pages =	 {9090‚Äì9095},
  year =	 2006
}

@article{picante,
  Author =	 {S.W. Kembel and P.D. Cowan and M.R. Helmus and
                  W.K. Cornwell and H. Morlon and D.D. Ackerly and
                  S.P. Blomberg and C.O. Webb},
  Journal =	 {Bioinformatics},
  Pages =	 {1463--1464},
  Title =	 {Picante: {R} tools for integrating phylogenies and
                  ecology},
  Volume =	 26,
  Year =	 2010
}

@article{price2002,
  author =	 {Price, J.P. and Clague, D.A.},
  title =	 {How old is the Hawaiian biota? Geology and phylogeny
                  suggest recent divergence},
  journal =	 {Proc R Soc Lond B Biol Sci},
  volume =	 269,
  pages =	 {2429-2435},
  year =	 2002
}

@article{qian2005,
  title =	 {Beta diversity of angiosperms in temperate floras of
                  eastern Asia and eastern North America},
  author =	 {Qian, H. and Ricklefs, R. E. and White, P. S.},
  journal =	 {Ecology Letters},
  volume =	 8,
  number =	 1,
  pages =	 {15--22},
  year =	 2005,
  publisher =	 {Wiley Online Library}
}

@article{rabosky2008,
  author =	 {Rabosky, D. L. and Lovette, I.J.},
  title =	 {Explosive evolutionary radiations: decreasing
                  speciation or increasing extinction through time?},
  journal =	 {Evolution},
  volume =	 62,
  pages =	 {1866-1875},
  year =	 2008
}

@article{ricklefs1987,
  title =	 {Community diversity: relative roles of local and
                  regional processes},
  author =	 {Ricklefs, R. E.},
  journal =	 {Science},
  volume =	 235,
  number =	 4785,
  pages =	 {167--171},
  year =	 1987,
  publisher =	 {American Association for the Advancement of Science}
}

@article{roderick1998,
  author =	 {Roderick, G.K. and Gillespie, R.G.},
  title =	 {Speciation and phylogeography of Hawaiian
                  terrestrial arthropods},
  journal =	 {Molecular Ecology},
  volume =	 7,
  pages =	 {519-531},
  year =	 1998
}

@inbook{roderick2008,
  author =	 {Roderick, G. K. and Percy, D.M.},
  title =	 {Host plant use, diversification, and coevolution:
                  Insights from remote oceanic islands},
  booktitle =	 {Specialization, Speciation, and
                  Radiation. Evolutionary Biology of Herbivorous
                  Insects},
  editor =	 {Tilmon, K.J.},
  publisher =	 {University of California Press},
  address =	 {Berkeley},
  pages =	 {151-161},
  year =	 2008
}

@article{roderick2012,
  author =	 {Roderick, G.K. and Croucher, P.J.P. and Vandergast,
                  A.G. and Gillespie, R.G.},
  title =	 {Species differentiation on a dynamic landscape:
                  shifts in metapopulation and genetic structure using
                  the chronology of the Hawaiian Archipelago},
  journal =	 {Evolutionary Biology},
  volume =	 32,
  pages =	 {192-206},
  year =	 2012
}

@article{romanuk2009,
  title =	 {Predicting invasion success in complex ecological
                  networks},
  author =	 {Romanuk, Tamara N and Zhou, Yun and Brose, Ulrich
                  and Berlow, Eric L and Williams, Richard J and
                  Martinez, Neo D},
  journal =	 {Philosophical Transactions of the Royal Society B:
                  Biological Sciences},
  volume =	 364,
  number =	 1524,
  pages =	 {1743--1754},
  year =	 2009,
  publisher =	 {The Royal Society}
}

@article{rosindell2011,
  Author =	 {Rosindell, James and Phillimore, Albert B.},
  Journal =	 {Ecology Letters},
  Number =	 6,
  Pages =	 {552--560},
  Title =	 {A unified model of island biogeography sheds light
                  on the zone of radiation},
  Volume =	 14,
  Year =	 2011
}

@article{rundle2003,
  author =	 {Rundle, H.D.},
  title =	 {Divergent environments and population bottlenecks
                  fail to generate premating isolation in Drosophila
                  pseudoobscura},
  journal =	 {Evolution},
  volume =	 57,
  number =	 11,
  pages =	 {2557‚Äì2565},
  year =	 2003
}

@article{santos2012,
  author =	 {Santos, M. E. and Salzburger, W.},
  title =	 {How Cichlids Diversify},
  journal =	 {Science},
  volume =	 338,
  number =	 6107,
  pages =	 {619-621},
  note =	 {Santos, M. Emilia Salzburger, Walter},
  year =	 2012
}

@book{schluter2000,
  author =	 {Schluter, D.},
  title =	 {The ecology of adaptive radiation.},
  publisher =	 {Oxford University Press},
  address =	 {Oxford},
  year =	 2000
}

@article{schluter2003,
  author =	 {Schluter, D.},
  title =	 {Frequency dependent natural selection during char-
                  acter displacement in sticklebacks.},
  journal =	 {Evolution},
  volume =	 57,
  pages =	 {1142‚Äì1150},
  year =	 2003
}

@article{vandergast2004,
  author =	 {Vandergast, A.G. and Gillespie, R.G. and Roderick,
                  G.K.},
  title =	 {Influence of volcanic activity on the population
                  genetic structure of Hawaiian Tetragnatha spiders:
                  fragmentation, rapid population growth, and the
                  potential for accelerated evolution},
  journal =	 {Molecular Ecology},
  volume =	 13,
  pages =	 {1729-1743},
  year =	 2004
}

@manual{vegan,
  Author =	 {Jari Oksanen and F. Guillaume Blanchet and Roeland
                  Kindt and Pierre Legendre and Peter R. Minchin and
                  R. B. O'Hara and Gavin L. Simpson and Peter Solymos
                  and M. Henry H. Stevens and Helene Wagner},
  Title =	 {vegan: Community Ecology Package},
  Url =		 {http://CRAN.R-project.org/package=vegan},
  Year =	 2013
}

@book{wagnerFunk,
  author =	 {Wagner, W.L. and Funk, V.},
  title =	 {Hawaiian Biogeography Evolution on a Hot Spot
                  Archipelago},
  publisher =	 {Smithsonian Institution Press},
  address =	 {Washington, DC},
  year =	 1995
}

@article{wellenreuther2008,
  author =	 {Wellenreuther, M. and Barrett, P.T. and Clements,
                  K.D.},
  title =	 {The evolution of habitat specialisation in a group
                  of marine triplefin fishes},
  journal =	 {Evolutionary Ecology},
  volume =	 23,
  number =	 4,
  pages =	 {557-568},
  year =	 2008
}

@article{williams2000,
  title =	 {Simple rules yield complex food webs},
  author =	 {Williams, Richard J and Martinez, Neo D},
  journal =	 {Nature},
  volume =	 404,
  number =	 6774,
  pages =	 {180--183},
  year =	 2000,
  publisher =	 {Nature Publishing Group}
}

@article{williams2008,
  title =	 {Success and its limits among structural models of
                  complex food webs},
  author =	 {Williams, Richard J and Martinez, Neo D},
  journal =	 {Journal of Animal Ecology},
  volume =	 77,
  number =	 3,
  pages =	 {512--519},
  year =	 2008,
  publisher =	 {Wiley Online Library}
}

@article{williams2010,
  title =	 {Simple MaxEnt models explain food web degree
                  distributions},
  author =	 {Williams, Richard J},
  journal =	 {Theoretical Ecology},
  volume =	 3,
  number =	 1,
  pages =	 {45--52},
  year =	 2010,
  publisher =	 {Springer}
}

@article{yoder2010,
  author =	 {Yoder, J.B. and Clancey, E. and Des Roches, S. and
                  Eastman, J.M. and Gentry, L. and Godsoe, W.K.W. and
                  Hagey, T. and Jochimsen, D. and Oswald, B.P. and
                  Robertson, J. and Sarver, B.A.J. and Schenk,
                  J.J. and Spear, S.F. and Harmon, L.J.},
  title =	 {Ecological opportunity and the origin of adaptive
                  radiations},
  journal =	 {Journal of Evolutionary Biology},
  volume =	 {23},
pages = {1581--1596},
  year =	 2010
}

@article{gillespie2005,
  title={Geographical context of speciation in a radiation of Hawaiian Tetragnatha spiders (Araneae, Tetragnathidae)},
  author={Gillespie, Rosemary G},
  journal={Journal of Arachnology},
  volume={33},
  number={2},
  pages={313--322},
  year={2005},
  publisher={BioOne}
}

@article{beast,
  title={BEAST: Bayesian evolutionary analysis by sampling trees},
  author={Drummond, Alexei J and Rambaut, Andrew},
  journal={BMC evolutionary biology},
  volume={7},
  number={1},
  pages={214},
  year={2007},
  publisher={BioMed Central Ltd}
}

@article{papadopoulou2010,
  title={Revisiting the insect mitochondrial molecular clock: the
                  mid-Aegean trench calibration},
  author={Papadopoulou, Anna and Anastasiou, Ioannis and Vogler, Alfried P},
  journal={Molecular Biology and Evolution},
  volume={27},
  number={7},
  pages={1659--1672},
  year={2010},
  publisher={SMBE}
}

@article{partitionfinder,
  title={PartitionFinder: combined selection of partitioning schemes and substitution models for phylogenetic analyses},
  author={Lanfear, Robert and Calcott, Brett and Ho, Simon YW and Guindon, Stephane},
  journal={Molecular Biology and Evolution},
  volume={29},
  number={6},
  pages={1695--1701},
  year={2012},
  publisher={SMBE}
}

@article{kitayama1995,
  title={Vegetation changes along gradients of long-term soil development in the Hawaiian montane rainforest zone},
  author={Kitayama, Kanehiro and Mueller-Dombois, Dieter},
  journal={Vegetatio},
  volume={120},
  number={1},
  pages={1--20},
  year={1995},
  publisher={Springer}
}

@article{goodmanInRev, 
   author = {Goodman, K.R. and Kelley, J.P. and Welter, S.C. and Roderick, G.K.},
   title = {Rapid diversification of sexual signals in Hawaiian Nesosydne planthoppers (Hemiptera: Delphacidae) under the influence of neutral and selective forces},
   journal = { },
   volume = {},
   pages = {},
   year = {in review}
}

@article{romingerInPrep, 
   author = {Rominger, A. J. and Grunder, D. S. and Gillespie, R. G. and Harte, J.},
   title = {Making and breaking a new ecological theory: Maximum
                  entorpy in rapidly evolving ecoystems},
   journal = {},
   volume = {},
   pages = {},
   year = {in preparation}
}


@article{eldon2013,
author = {Eldon, Jon and Price, Jonathan P. and Magnacca, Karl and Price, Donald K.},
title = {Patterns and processes in complex landscapes: testing alternative biogeographical hypotheses through integrated analysis of phylogeography and community ecology in Hawai'i},
journal = {Molecular Ecology},
volume = {22},
number = {13},
pages = {3613--3628},
keywords = {biogeography, community ecology, Drosophila, Hawai'i, hypothesis testing, phylogeography},
year = {2013},
}

@article{percy2003, 
   author = {Percy, D.M.},
   title = {Radiation, diversity and host plant interactions among island and continental legume-feeding psyllids},
   journal = {Evolution},
   volume = {57},
   pages = {2540-2556},
   year = {2003}
}

@article{percy2006, 
   author = {Percy, D.M. and Kennedy, M.},
   title = {Psyllid communication: acoustic diversity, mate recognition and phylogenetic signal},
   journal = {Invertebrate Systematics},
   volume = {20},
   pages = {431-445},
   year = {2006}
}

@article{cavenderBares2009,   
title={The merging of community ecology and phylogenetic biology},   
author={Cavender-Bares, Jeannine and Kozak, Kenneth H and Fine, Paul VA and Kembel, Steven W},   
journal={Ecology letters},   
volume={12},   
number={7},   
pages={693--715},   
year={2009},   
publisher={Wiley Online Library} 
}

@article{chesson2000,   
title={Mechanisms of maintenance of species diversity},   
author={Chesson, Peter},   
journal={Annual review of Ecology and Systematics},   
volume={31},   
number={1},   
pages={343--366},   
year={2000},   
publisher={Annual Reviews 4139 El Camino Way, PO Box 10139, Palo Alto, CA 94303-0139, USA} 
}

@book{darwin,   
title={On the origin of species by means of natural selection. 1859},   
author={Darwin, Charles},   
year={1959} 
} 

@book{price2012,   
title={Mapping plant species ranges in the Hawaiian Islands: developing a methodology and associated GIS layers},   
author={Price, Jonathan P},   
year={2012},   
publisher={US Department of the Interior, US Geological Survey} 
} 

@article{magnacca2008,   
title={A review of the endemic Hawaiian Drosophilidae and their host plants},   
author={Magnacca, Karl N and Foote, David and O‚ÄôGrady, PATRICK M},   
journal={Zootaxa},   
volume={1728},   
pages={1--58},   
year={2008} 
} 

@article{mendelson2005,  
title={Sexual behaviour: rapid speciation in an arthropod},   
author={Mendelson, Tamra C and Shaw, Kerry L},   
journal={Nature},   
volume={433},   
number={7024},   
pages={375--376},   
year={2005},   
publisher={Nature Publishing Group} 
} 

@article{mendelson2004,   
title={Testing geographical pathways of speciation in a recent island radiation},   
author={Mendelson, Tamra C and Siegel, Alex M and Shaw, Kerry L},   
journal={Molecular ecology},   
volume={13},   
number={12},   
pages={3787--3796},   
year={2004},   
publisher={Wiley Online Library} 
} 

@article{ogrady2011,   
title={Phylogenetic and ecological relationships of the Hawaiian Drosophila inferred by mitochondrial DNA analysis},   
author={O'Grady, Patrick M and Lapoint, Richard T and Bonacum, James and Lasola, Jackline and Owen, Elaine and Wu, Yifei and DeSalle, Rob},   
journal={Molecular phylogenetics and evolution},   
volume={58},   
number={2},   
pages={244--256},   
year={2011},   
publisher={Elsevier} 
} 

@article{seehausen2006,   
title={African cichlid fish: a model system in adaptive radiation research},   
author={Seehausen, Ole},   
journal={Proceedings of the Royal Society B: Biological Sciences},   
volume={273},   
number={1597},   
pages={1987--1998},   
year={2006},   
publisher={The Royal Society} 
} 

@article{seehausen2004,
title={Male--male competition and nuptial--colour displacement as a diversifying force in Lake Victoria cichlid fishes},   
author={Seehausen, Ole and Schluter, Dolph},   
journal={Proceedings of the Royal Society of London. Series B: Biological Sciences},   
volume={271},   
number={1546},   
pages={1345--1353},   
year={2004},   
publisher={The Royal Society} 
} 

@article{seehausen2014,
  title={Genomics and the origin of species},
  author={Seehausen, Ole and Butlin, Roger K and Keller, Irene and Wagner, Catherine E and Boughman, Janette W and Hohenlohe, Paul A and Peichel, Catherine L and Saetre, Glenn-Peter and Bank, Claudia and Br{\"a}nnstr{\"o}m, {\AA}ke and others},
  journal={Nature Reviews Genetics},
  volume={15},
  number={3},
  pages={176--192},
  year={2014},
  publisher={Nature Publishing Group}
}

@book{nishida2002,   
title={Hawaiian terrestrial arthropod checklist. Fourth Edition},   
author={Nishida, G.M.}, 
number={Technical Report 22},   
pages={313},   
  
year={2002},   
publisher={Bishop Museum} 
} 

@article{simon1994,
  title={Evolution, weighting, and phylogenetic utility of mitochondrial gene sequences and a compilation of conserved polymerase chain reaction primers},
  author={Simon, Chris and Frati, Francesco and Beckenbach, Andrew and Crespi, Bernie and Liu, Hong and Flook, Paul},
  journal={Annals of the entomological Society of America},
  volume={87},
  number={6},
  pages={651--701},
  year={1994},
  publisher={Entomological Society of America}
}

@article{timmermans2010,   
title={Why barcode? High-throughput multiplex sequencing of mitochondrial genomes for molecular systematics},   
author={Timmermans, Martijn JTN and Dodsworth, Stephen and Culverwell, CL and Bocak, Ladislav and Ahrens, Dirk and Littlewood, David TJ and Pons, Joan and Vogler, Alfried P},   
journal={Nucleic acids research},   
volume={38},   
number={21},   
pages={e197--e197},   
year={2010},   
publisher={Oxford Univ Press} 
} 


@article{tilman2004,   
title={Niche tradeoffs, neutrality, and community structure: a stochastic theory of resource competition, invasion, and community assembly},   
author={Tilman, David},   
journal={Proceedings of the National Academy of Sciences of the United States of America},   
volume={101},   
number={30},   
pages={10854--10861},   
year={2004},   
publisher={National Acad Sciences} 
} 
 
@article{nosil2008,   
title={Speciation with gene flow could be common},   
author={Nosil, Patrik},   
journal={Molecular Ecology},   
volume={17},   
number={9},   
pages={2103--2106},   
year={2008},   
publisher={Wiley Online Library} 
} 

@article{sherrod2007,   
title={New K--Ar ages for calculating end-of-shield extrusion rates at West Maui volcano, Hawaiian island chain},   
author={Sherrod, David R and Murai, Takashi and Tagami, Takahiro},   
journal={Bulletin of volcanology},   
volume={69},   
number={6},   
pages={627--642},   
year={2007},   
publisher={Springer} 
} 

@book{wallace1870,   
title={Contributions to the Theory of Natural Selection},
author={Wallace, Alfred R},   
year={1862},   
publisher = {Macmillan and Company}
} 

@book{nicheCons,
  title={Niche construction: the neglected process in evolution},
  author={Odling-Smee, F John and Laland, Kevin N and Feldman, Marcus W},
  number={37},
  year={2003},
  publisher={Princeton University Press}
}

@article{erwin2008,
  title={Macroevolution of ecosystem engineering, niche construction and diversity},
  author={Erwin, Douglas H},
  journal={Trends in ecology \& evolution},
  volume={23},
  number={6},
  pages={304--310},
  year={2008},
  publisher={Elsevier}
}

@article{rius2014,
  title={How important is intraspecific genetic admixture to the success of colonising populations?},
  author={Rius, Marc and Darling, John A},
  journal={Trends in ecology \& evolution},
  volume={29},
  number={4},
  pages={233--242},
  year={2014},
  publisher={Elsevier}
}

@article{blackledge2005,
  title={Convergent evolution of behavior in an adaptive radiation of Hawaiian web-building spiders},
  author={Blackledge, Todd A and Gillespie, Rosemary G},
  journal={Proceedings of the National Academy of Sciences of the United States of America},
  volume={101},
  number={46},
  pages={16228--16233},
  year={2004},
  publisher={National Acad Sciences}
}

@article{croucher2012,
  title={COLONIZATION HISTORY AND POPULATION GENETICS OF THE COLOR-POLYMORPHIC HAWAIIAN HAPPY-FACE SPIDER THERIDION GRALLATOR (ARANEAE, THERIDIIDAE)},
  author={Croucher, Peter JP and Oxford, Geoff S and Lam, Athena and Mody, Neesha and Gillespie, Rosemary G},
  journal={Evolution},
  volume={66},
  number={9},
  pages={2815--2833},
  year={2012},
  publisher={Wiley Online Library}
}


@article{rosindell2012,
  title={The case for ecological neutral theory},
  author={Rosindell, James and Hubbell, Stephen P and He, Fangliang and Harmon, Luke J and Etienne, Rampal S},
  journal={Trends in ecology \& evolution},
  volume={27},
  number={4},
  pages={203--208},
  year={2012},
  publisher={Elsevier}
}

@article{harte2014,
  title={Maximum information entropy: a foundation for ecological theory},
  author={Harte, John and Newman, Erica A},
  journal={Trends in Ecology \& Evolution},
  year={2014},
  publisher={Elsevier Current Trends}
}

@article{bennett2013,
  title={Historical biogeography and ecological opportunity in the adaptive radiation of native Hawaiian leafhoppers (Cicadellidae: Nesophrosyne)},
  author={Bennett, Gordon M and O'Grady, Patrick M},
  journal={Journal of Biogeography},
  volume={40},
  number={8},
  pages={1512--1523},
  year={2013},
  publisher={Wiley Online Library}
}

@article{gruner2007,
  title={Geological age, ecosystem development, and local resource constraints on arthropod community structure in the Hawaiian Islands},
  author={Gruner, Daniel S},
  journal={Biological Journal of the Linnean Society},
  volume={90},
  number={3},
  pages={551--570},
  year={2007},
  publisher={Wiley Online Library}
}

@book{eldredge1989,
  title =	 {Macroevolutionary dynamics: species, niches, and
                  adaptive peaks},
  author =	 {Eldredge, Niles},
  year =	 1989,
  publisher =	 {McGraw-Hill New York}
}


@article{arnold2001adaptive,
  title =	 {The adaptive landscape as a conceptual bridge
                  between micro-and macroevolution},
  author =	 {Arnold, Stevan J and Pfrender, Michael E and Jones,
                  Adam G},
  journal =	 {Genetica},
  volume =	 112,
  number =	 1,
  pages =	 {9--32},
  year =	 2001,
  publisher =	 {Springer}
}



